@misc{website:biu
,key = "BIU"
,title = "Bundesverband interaktive Unterhaltungssoftware "
,howpublished = "http://www.biu-online.de/de/fakten/marktzahlen/die-deutsche-gamesbranche-im-ersten-halbjahr-2012/umsatzentwicklung.html"
}

@misc{website:vidgamblogger
,key = "VGB"
,title = "Video Games Blogger "
,howpublished = "http://www.videogamesblogger.com/2007/06/27/global-videogame-sales-surpass-music-industry-in-2007.htm"
}

@misc{website:box2d
,key = "B2D"
,title = "Box2D Home "
,howpublished = "http://code.google.com/p/box2d/wiki/FAQ"
}

@misc{website:box2dmanual
,key = "B2DM"
,title = "Box2D Manual "
,howpublished = "http://www.box2d.org/manual.html"
}

@misc{website:libgdx
,key = "LGDX"
,title = "libGDX Home "
,howpublished = "http://libgdx.badlogicgames.com/features.html"
}

@misc{website:stan
,key = "STAN"
,title = "Structure Analysis Tool for Java "
,howpublished = "http://stan4j.com/"
}

@misc{website:gwt
,key = "GWT"
,title = "Google Web Toolkit Project "
,howpublished = "http://www.gwtproject.org/"
}

@misc{website:googleplay
,key = "GP"
,title = "Google Play "
,howpublished = "http://play.google.com/about/overview/index.html"
}

@misc{website:androidcompat
,key = "AC"
,title = "Android Compatibility "
,howpublished = "http://developer.android.com/design/patterns/compatibility.html"
}



@misc{website:adobeflash
,key = "AF"
,title = "Adobe "
,howpublished = "http://blogs.adobe.com/conversations/2011/11/flash-focus.html"
}

@misc{website:tekeye
,key = "TE"
,title = "Tekeye "
,howpublished = "http://tekeye.biz/2013/android-dpi-dip-dp-ppi-sp-and-screens"
}

@misc{website:mvc
,key = "MVC"
,title = "Tekeye "
,howpublished = "http://st-www.cs.illinois.edu/users/smarch/st-docs/mvc.html"
}

@misc{website:androidperf
,key = "AP"
,title = "Android Optimization "
,howpublished = "http://developer.android.com/training/articles/perf-tips.html"
}

@misc{website:flock
,key = "FLO"
,title = "Flock! Game Overview "
,howpublished = "http://www.motherflocker.com/overview.html"
}

@misc{andrews
,author = "A. M. Andrew"
,title = "Another Efficient Algorithm for Convex Hulls in Two Dimensions"
,year = "1979"
,howpublished = "Info. Proc. Letters 9, 216-219"
}

@misc{swarmimmersion
,author = "S. v. Mammen, C. Jacob"
,title = "Swarming for Games: Immersion in Complex Systems"
,year = "2009"
,howpublished = "Applications of Evolutionary Computing, EvoWorkshops 2009. Springer."
}

@Book{POSA,
 author    = "Buschmann, Frank",
 title     = "Pattern-Oriented Software Architecture",
 publisher = "Wiley",
 year      =  1996,
 isbn   = "978-0-471-95869-7"
}

@Book{Virology,
 author    = "Carter and Saunders",
 title     = "Virology - Principles and Applications",
 publisher = "Wiley",
 year      =  2007,
 isbn   = "0-470-02387-2",
 edition   = "1st edition"
}

@phdthesis{DSNPRB,
 author    = "Baraff, D.",
 title     = "Dynamic Simulation of Non-Penetrating Rigid Bodies",
 school = "Cornell University",
 year      =  1992,
 note	   = "pp. 52â€“56"
}

@Book{Mechanics,
 author    = "Tolman, R. C.",
 title     = "The Principles of Statistical Mechanics",
 publisher = "Oxford: Clarendon Press",
 year      =  1979,
 isbn   = "0-486-63896-0"
}
